@MISC{Plotkin81astructural,
    author = {G. D. Plotkin},
    title = {A Structural Approach to Operational Semantics},
    year = {1981}
}

@MISC{rpike13_cnp,
  author = {Rob Pike},
  title = {Concurrency is not parallelism.},
  howpublished = "\url{http://blog.golang.org/concurrency-is-not-parallelism}",
  year = 2013
}

@TechReport{scala-overview-tech-report,
  author =       {Martin Odersky and al.},
  title =        {An {O}verview of the {S}cala {P}rogramming
                  {L}anguage},
  institution =  {EPFL},
  address =      {Lausanne, Switzerland},
  year =         2004,
  number =       {IC/2004/64}
}

@book{Roscoe:1997:TPC:550448,
 author = {Roscoe, A. W.},
 title = {The  Theory and Practice of Concurrency},
 year = {1997},
 isbn = {0136744095},
 publisher = {Prentice Hall PTR},
 address = {Upper Saddle River, NJ, USA},
} 
  

@article{Hoare:1978:CSP:359576.359585,
 author = {Hoare C. A. R.},
 title = {Communicating Sequential Processes},
 journal = {Commun. ACM},
 issue_date = {Aug. 1978},
 volume = {21},
 number = {8},
 month = aug,
 year = {1978},
 issn = {0001-0782},
 pages = {666--677},
 numpages = {12},
 url = {http://doi.acm.org/10.1145/359576.359585},
 doi = {10.1145/359576.359585},
 acmid = {359585},
 publisher = {ACM},
 address = {New York, NY, USA},
 keywords = {classes, concurrency, conditional critical regions, coroutines, data representations, guarded commands, input, iterative arrays, monitors, multiple entries, multiple exits, nondeterminacy, output, parallel programming, procedures, program structures, programming, programming languages, programming primitives, recursion},
}

@book{Wyatt:2013:AC:2663429,
 author = {Wyatt, Derek},
 title = {Akka Concurrency},
 year = {2013},
 isbn = {0981531660, 9780981531663},
 publisher = {Artima Incorporation},
 address = {USA},
}

@book{Cesarini:2009:EP:1717841,
 author = {Cesarini, Francesco and Thompson, Simon},
 title = {ERLANG Programming},
 year = 2009,
 isbn = {0596518188, 9780596518189},
 edition = {1st},
 publisher = {O'Reilly Media, Inc.},
}

@inproceedings{fdr,
   title={FDR3 --- A Modern Refinement Checker for CSP},
   author={Thomas Gibson-Robinson, Philip Armstrong, et al.},
   booktitle={Tools and Algorithms for the Construction and Analysis of Systems},
   year = 2014,
   pages = {187-201},
   volume=8413,
   series={Lecture Notes in Computer Science},
   editor={Ábrahám, Erika and Havelund, Klaus},
}

@inproceedings{Hewitt:1973:UMA:1624775.1624804,
 author = {Hewitt, Carl and Bishop, Peter and Steiger, Richard},
 title = {A Universal Modular ACTOR Formalism for Artificial Intelligence},
 booktitle = {Proceedings of the 3rd International Joint Conference on Artificial Intelligence},
 series = {IJCAI'73},
 year = {1973},
 location = {Stanford, USA},
 pages = {235--245},
 numpages = {11},
 url = {http://dl.acm.org/citation.cfm?id=1624775.1624804},
 acmid = {1624804},
 publisher = {Morgan Kaufmann Publishers Inc.},
 address = {San Francisco, CA, USA},
}

@book{Agha:1986:AMC:7929,
 author = {Agha, Gul},
 title = {Actors: A Model of Concurrent Computation in Distributed Systems},
 year = {1986},
 isbn = {0-262-01092-5},
 publisher = {MIT Press},
 address = {Cambridge, MA, USA},
}

@incollection{apicalculus,
year={2004},
isbn={978-3-540-21366-6},
booktitle={From Object-Orientation to Formal Methods},
volume={2635},
series={Lecture Notes in Computer Science},
editor={Owe, Olaf and Krogdahl, Stein and Lyche, Tom},
doi={10.1007/978-3-540-39993-3_4},
title={An Algebraic Theory of Actors and Its Application to a Simple Object-Based Language},
url={http://dx.doi.org/10.1007/978-3-540-39993-3_4},
publisher={Springer Berlin Heidelberg},
author={Agha, Gul and Thati, Prasanna},
pages={26-57},
language={English}
}

@incollection{McCracken:2003:BF:1074100.1074155,
 author = {McCracken, Daniel D. and Reilly, Edwin D.},
 title = {Backus-Naur Form (BNF)},
 booktitle = {Encyclopedia of Computer Science},
 isbn = {0-470-86412-5},
 pages = {129--131},
 numpages = {3},
 url = {http://dl.acm.org/citation.cfm?id=1074100.1074155},
 acmid = {1074155},
 publisher = {John Wiley and Sons Ltd.},
 address = {Chichester, UK},
} 
